@book{tolstov1976fourier,
  title={Fourier Series},
  author={Tolstov, G.P. and Silverman, R.A.},
  isbn={9780486633176},
  lccn={75041883},
  series={Dover Books on Mathematics},
  url={https://books.google.ie/books?id=XqqNDQeLfAkC},
  year={1976},
  publisher={Dover Publications}
}

@misc{CleanUpNoise,
  title = {{Clean Up Data Noise with Fourier Transform in Python}},
  howpublished = {\url{https://towardsdatascience.com/clean-up-data-noise-with-fourier-transform-in-python-7480252fd9c9}},
  note = {Accessed: 2022-12-22}
}